<?xml version="1.0" encoding="UTF-8"?><collection xmlns="http://www.loc.gov/MARC21/slim"><record><leader>00527nam--2200169-i-4500</leader><controlfield tag="001">000024062</controlfield><controlfield tag="002">20161230</controlfield><controlfield tag="005">20161230201035</controlfield><controlfield tag="008">060222s1000------------r-----000-0-ger-d</controlfield><datafield ind1=" " ind2=" " tag="041"><subfield code="a">ger</subfield></datafield><datafield ind1=" " ind2=" " tag="080"><subfield code="a">519.66</subfield></datafield><datafield ind1="1" ind2=" " tag="100"><subfield code="a">Hayashi, Keiichi</subfield></datafield><datafield ind1="1" ind2="0" tag="245"><subfield code="a">Funfstellige tafeln der kreis- und hyperbelfunktionen sowie der funktionen ex und e-x mit den naturlichen zahlen als argument</subfield><subfield code="c">Keiichi hayshi</subfield></datafield><datafield ind1=" " ind2=" " tag="260"><subfield code="a">Berlin</subfield><subfield code="b">Walter De Gruyter &amp; Co</subfield><subfield code="c">1941</subfield></datafield><datafield ind1=" " ind2=" " tag="300"><subfield code="a">181 P</subfield></datafield><datafield ind1=" " ind2=" " tag="852"><subfield code="a">47544</subfield><subfield code="c">519.4/5</subfield></datafield><datafield ind1=" " ind2=" " tag="CAT"><subfield code="a">Sys</subfield><subfield code="c">20130814</subfield><subfield code="h">132709</subfield></datafield></record></collection>